@inproceedings{heller2008model,
  title={Model restarts for structural symmetry breaking},
  author={Heller, Daniel and Panda, Aurojit and Sellmann, Meinolf and Yip, Justin},
  series={{CP}'08},
}

@inproceedings{agarwal2013blinkdb,
  title={{BlinkDB}: {Queries with Bounded Errors and Bounded Response Times on Very Large Data}},
  author={Agarwal, Sameer and Mozafari, Barzan and Panda, Aurojit and Milner, Henry and Madden, Samuel and Stoica, Ion},
  series={{EuroSys}'13}
}

@inproceedings{agarwal2012blink,
  title={{Blink and It's Done: Interactive Queries on Very Large Data}},
  author={Agarwal, Sameer and Iyer, Anand P and Panda, Aurojit and Madden, Samuel and Mozafari, Barzan and Stoica, Ion},
  series={{VLDB}'12}
}

@inproceedings{feigenbaumbrief,
  title={{Brief Announcement: On the Resilience of Routing Tables}},
  author={Feigenbaum, Joan and Godfrey, Brighten and Panda, Aurojit and Schapira, Michael and Shenker, Scott and Singla, Ankit},
  series={{PODC'12}}
}

@article{feigenbaum2012resilience,
  title={{On the Resilience of Routing Tables}},
  author={Feigenbaum, Joan and Godfrey, Brighten and Panda, Aurojit and Schapira, Michael and Shenker, Scott and Singla, Ankit},
  journal={arXiv},
  year={2012}
}

@inproceedings{gupta2012new,
  title={{A New Approach to Interdomain Routing Based on Secure Multi-Party Computation}},
  author={Gupta, Debayan and Segal, Aaron and Panda, Aurojit and Segev, Gil and Schapira, Michael and Feigenbaum, Joan and Rexford, Jenifer and Shenker, Scott},
  series={{H}ot{N}ets'12}
}

@inproceedings{liu2013ensuring,
  title={{Ensuring Connectivity via Data Plane Mechanisms}},
  author={Liu, Junda and Panda, Aurojit and Singla, Ankit and Godfrey, Brighten and Schapira, Michael and Shenker, Scott},
  series={{NSDI}'13}
}

@inproceedings{pandacap,
  title={{CAP} for {N}etworks},
  author={Panda, Aurojit and Scott, Colin and Ghodsi, Ali and Koponen, Teemu and Shenker, Scott},
  series={{HotSDN}'13}
}

@inproceedings{mccauleyextending,
  title={{Extending SDN to Large-Scale Networks}},
  author={McCauley, James and Panda, Aurojit and Casado, Martin and Koponen, Teemu and Shenker, Scott}
}

@inproceedings{ousterhout2013case,
  title={{The Case for Tiny Tasks in Compute Clusters}},
  author={Ousterhout, Kay and Panda, Aurojit and Rosen, Joshua and Venkataraman, Shivaram and Xin, Reynold and Ratnasamy, Sylvia and Shenker, Scott and Stoica, Ion},
  series={{HotOS}'13}
}

@inproceedings{han2013network,
  title={{Network Support for Resource Disaggregation in Next-Generation Datacenters}},
  author={Han, Sangjin and Egi, Norbert and Panda, Aurojit and Ratnasamy, Sylvia and Shi, Guangyu and Shenker, Scott},
  series={{H}ot{N}ets'13}
}
