@inproceedings{heller2008model,
  title={Model restarts for structural symmetry breaking},
  author={Heller, Daniel and Panda, Aurojit and Sellmann, Meinolf and Yip, Justin},
  series={{CP}},
  year=2008
}
@inproceedings{agarwal2013blinkdb,
  title={{BlinkDB}: {Queries with Bounded Errors and Bounded Response Times on Very Large Data}},
  author={Agarwal, Sameer and Mozafari, Barzan and Panda, Aurojit and Milner, Henry and Madden, Samuel and Stoica, Ion},
  series={{EuroSys}},
  year=2013,
  note="Best Paper"
}
@inproceedings{feigenbaumbrief,
  title={{Brief Announcement: On the Resilience of Routing Tables}},
  author={Feigenbaum, Joan and Godfrey, Brighten and Panda, Aurojit and Schapira, Michael and Shenker, Scott and Singla, Ankit},
  series={{PODC}},
  year=2012
}

@inproceedings{liu2013ensuring,
  title={{Ensuring Connectivity via Data Plane Mechanisms}},
  author={Liu, Junda and Panda, Aurojit and Singla, Ankit and Godfrey, Brighten and Schapira, Michael and Shenker, Scott},
  series={{NSDI}},
  year=2013
}
