@inproceedings{agarwal2012blink,
  title={{Blink and It's Done: Interactive Queries on Very Large Data}},
  author={Agarwal, Sameer and Iyer, Anand P and Panda, Aurojit and Madden, Samuel and Mozafari, Barzan and Stoica, Ion},
  series={{VLDB}},
  year=2012
}

