@article{panda2016open,
  title={{Open Network Interfaces for Carrier Networks}},
  author={Panda, Aurojit and McCauley, James Murphy and Tootoonchian, Amin and Sherry, Justine and Koponen, Teemu and Ratnasamy, Syliva and Shenker, Scott},
  journal={SIGCOMM Computer Communication Review},
  volume={46},
  number={1},
  pages={5--11},
  year={2016},
  publisher={ACM}
}
