@article{chiesa2014exploring,
  title={{Exploring the Limits of Static Failover Routing}},
  author={Chiesa, Marco and Nikolaevkiy, Ilya and Panda, Aurojit and Gurtov, Andrei and Schapira, Michael and Shenker, Scott},
  journal={arXiv preprint arXiv:1409.0034},
  year={2014}
z

