@inproceedings{gupta2012new,
  title={{A New Approach to Interdomain Routing Based on Secure Multi-Party Computation}},
  author={Gupta, Debayan and Segal, Aaron and Panda, Aurojit and Segev, Gil and Schapira, Michael and Feigenbaum, Joan and Rexford, Jenifer and Shenker, Scott},
  booktitle={{H}ot{N}ets},
  year=2012,
  pages={37-42}
}

@inproceedings{panda2013cap,
  title={{CAP} for {N}etworks},
  author={Panda, Aurojit and Scott, Colin and Ghodsi, Ali and Koponen, Teemu and Shenker, Scott},
  booktitle={{HotSDN}},
  year=2013,
  pages={91-96}
}

@inproceedings{mccauleyextending,
  title={{Extending SDN to Large-Scale Networks}},
  author={McCauley, James and Panda, Aurojit and Casado, Martin and Koponen, Teemu and Shenker, Scott},
  booktitle={{ONS Research Track}},
  year=2013
}

@inproceedings{ousterhout2013case,
  title={{The Case for Tiny Tasks in Compute Clusters}},
  author={Ousterhout, Kay and Panda, Aurojit and Rosen, Joshua and Venkataraman, Shivaram and Xin, Reynold and Ratnasamy, Sylvia and Shenker, Scott and Stoica, Ion},
  booktitle={{HotOS}},
  year=2013,
}

@inproceedings{han2013network,
  title={{Network Support for Resource Disaggregation in Next-Generation Datacenters}},
  author={Han, Sangjin and Egi, Norbert and Panda, Aurojit and Ratnasamy, Sylvia and Shi, Guangyu and Shenker, Scott},
  booktitle={{H}ot{N}ets},
  year=2013,
  pages={1-7}
}

@inproceedings{wu2014pran,
  title={{PRAN: Programmable Radio Access Networks}},
  author={Wu, Wenfei and Li, Li Erran and Panda, Aurojit and Shenker, Scott},
  booktitle={{H}ot{N}ets},
  year={2014},
  pages={1-7}
}

@inproceedings{panda2015new,
  title={{New {D}irections for {N}etwork {V}erification}},
  author={Aurojit Panda and Katerina Argyraki and Mooly Sagiv and Michael Schapira and Scott Shenker},
  booktitle={{SNAPL}},
  year={2015},
}

@inproceedings{castro2015route,
  title={{Route Bazaar: Automatic Intedomain Contract Negotiation}},
  author={Ignacio Castro and Aurojit Panda and Barath Raghavan and Scott Shenker and Sergey Gorinsky},
  booktitle={{HotOS}},
  year=2015
}

@inproceedings{bala2017system,
  title={{System Programming in Rust: Beyond Safety}},
  author={Abhiram Balasubramanian and Marek S. Baranowski and Anton Burtsev and Aurojit Panda and Zvonimir Rakamaric and
  Leonid Ryzhyk},
  booktitle={{HotOS}},
  year=2017
}

@inproceedings{panda2017verification,
  title={{Verification in the Age of Microservices}},
  author={Aurojit Panda and Mooly Sagiv and Scott Shenker},
  booktitle={{HotOS}},
  year=2017
}


@inproceedings{iyer2018bridging,
  title={{Bridging the GAP: Towards Approximate Graph Analytics}},
  author={Anand Iyer and Aurojit Panda and Shivaram Venkatraman and Mosharaf Chowdhury and Aditya Akella and Scott
      Shenker and Ion Stoica},
  booktitle={{GRADES-NDA}},
  year=2018,
  pages={1-5}
}

@inproceedings{iyer2018monarch,
  title={{Monarch: Gaining Command on Geo-Distributed Graph Analytics}},
  author={Anand Iyer and Aurojit Panda and Mosharaf Chowdhury and Aditya Akella and Scott
      Shenker and Ion Stoica},
  booktitle={{HotCloud}},
  year=2018
}

@inproceedings{cessna,
author = {Yotam Harchol and Aisha Mushtaq and James McCauley and Aurojit Panda and Scott Shenker},
title = {{CESSNA: Resilient Edge-Computing}},
booktitle = {MECOMM},
year = {2018},
pages={1-6}
}

@inproceedings{10.1145/3229574.3229579,
author = {K\"{o}rner, Marc and Runge, Torsten M. and Panda, Aurojit and Ratnasamy, Sylvia and Shenker, Scott},
title = {Open Carrier Interface: An Open Source Edge Computing Framework},
year = {2018},
isbn = {9781450359078},
booktitle = {Workshop on Networking for Emerging Applications and Technologies},
pages={27-32}
}
  
@inproceedings{wang2020multitenancy,
  title={Multitenancy for Fast and Programmable Networks in the Cloud},
  author={Wang, Tao and Zhu, Hang and Ruffy, Fabian and Jin, Xin and Sivaraman, Anirudh and Ports, Dan RK and Panda, Aurojit},
  booktitle={HotCloud},
  year={2020}
}

@inproceedings{berthahn,
  title={{Bertha: Tunneling through the Network API}},
  author={Akshay Narayan and Aurojit Panda and Mohammad Alizadeh and Hari Balakrishnan and Arvind Krishnamurthy and Scott Shenker},
  booktitle={{H}ot{N}ets},
  year=2020,
  pages={53-59}
}

@inproceedings{rmchn,
  title={{Remote Memory Calls}},
  author={Emmanuel Amaro and Zhihong Luo and Amy Ousterhout and Arvind Krishnamurthy and Aurojit Panda and Sylvia Ratnasamy and Scott Shenker},
  booktitle={{H}ot{N}ets},
  year=2020,
  pages={38-44}
}
